<?xml version="1.0" encoding="UTF-8"?><collection xmlns="http://www.loc.gov/MARC21/slim"><record><leader>00620nam--2200205-u-4500</leader><controlfield tag="001">000055988</controlfield><controlfield tag="002">20161230</controlfield><controlfield tag="005">20161230201052</controlfield><controlfield tag="008">140224s1000------------r-----000-0-eng-d</controlfield><datafield ind1=" " ind2=" " tag="020"><subfield code="a">9789738810969</subfield></datafield><datafield ind1=" " ind2=" " tag="040"><subfield code="a">IFIN-HH</subfield></datafield><datafield ind1=" " ind2=" " tag="080"><subfield code="a">528.8.044.6:551.51</subfield></datafield><datafield ind1="1" ind2=" " tag="100"><subfield code="a">Fiorani, L</subfield></datafield><datafield ind1="1" ind2="0" tag="245"><subfield code="a">Recent advances in atmospheric lidars</subfield><subfield code="b">Optoelectronic materials and devices vol. 7</subfield><subfield code="c">L.fiorani, v.mitev (eds.)</subfield></datafield><datafield ind1=" " ind2=" " tag="260"><subfield code="a">Bucuresti-magurele</subfield><subfield code="b">Inoe</subfield><subfield code="c">2010</subfield></datafield><datafield ind1=" " ind2=" " tag="300"><subfield code="a">407P</subfield></datafield><datafield ind1=" " ind2=" " tag="490"><subfield code="a">Optoelectronic Materials And Devices</subfield><subfield code="v">Vol.7</subfield></datafield><datafield ind1="1" ind2=" " tag="700"><subfield code="a">Mitev, V</subfield><subfield code="e">Ed</subfield></datafield><datafield ind1=" " ind2=" " tag="852"><subfield code="a">82317</subfield><subfield code="c">537.533.35</subfield></datafield><datafield ind1=" " ind2=" " tag="CAT"><subfield code="a">Sys</subfield><subfield code="c">20140224</subfield><subfield code="h">172256</subfield></datafield></record></collection>